<record><leader>00000cas a22000007a 4500</leader><controlfield tag="001">14202588</controlfield><controlfield tag="008">860910d18681879lauwr ne      0    0eng d</controlfield><datafield ind1=" " ind2=" " tag="010"><subfield code="a">sn 86053699 </subfield></datafield><datafield ind1=" " ind2=" " tag="040"><subfield code="a">NPX</subfield><subfield code="b">eng</subfield><subfield code="c">NPX</subfield><subfield code="d">LNP</subfield><subfield code="d">OCLCQ</subfield></datafield><datafield ind1=" " ind2=" " tag="042"><subfield code="a">msc</subfield></datafield><datafield ind1="0" ind2=" " tag="130"><subfield code="a">Attakapas register (Brashear, La.)</subfield></datafield><datafield ind1="1" ind2="0" tag="245"><subfield code="a">Attakapas register.</subfield></datafield><datafield ind1=" " ind2=" " tag="260"><subfield code="a">Brashear, La. :</subfield><subfield code="b">D.W. Roberts</subfield></datafield><datafield ind1=" " ind2=" " tag="300"><subfield code="a">v.</subfield></datafield><datafield ind1=" " ind2=" " tag="310"><subfield code="a">Weekly</subfield></datafield><datafield ind1="1" ind2=" " tag="362"><subfield code="a">Began in 1868; ceased in 1879?</subfield></datafield><datafield ind1=" " ind2=" " tag="500"><subfield code="a">Published in Brashear, &lt;June 4, 1870&gt;; in Morgan City, &lt;Feb. 5, 1876&gt;-</subfield></datafield><datafield ind1=" " ind2=" " tag="588"><subfield code="a">Description based on: Vol. 2, no. 33 (May 28, 1870).</subfield></datafield><datafield ind1=" " ind2=" " tag="752"><subfield code="a">United States</subfield><subfield code="b">Louisiana</subfield><subfield code="c">Saint Mary</subfield><subfield code="d">Morgan City.</subfield></datafield><datafield ind1=" " ind2=" " tag="752"><subfield code="a">United States</subfield><subfield code="b">Louisiana</subfield><subfield code="c">Saint Mary</subfield><subfield code="d">Brashear.</subfield></datafield></record>